<?xml version = "1.0" encoding = "UTF-8"?><OAI-PMH xmlns="http://www.openarchives.org/OAI/2.0/" xmlns:xsi="http://www.w3.org/2001/XMLSchema-instance" xsi:schemaLocation="http://www.openarchives.org/OAI/2.0/ http://www.openarchives.org/OAI/2.0/OAI-PMH.xsd"><ListRecords><record><header><identifier>aleph-publish:021818979</identifier></header><metadata><record xmlns="http://www.ddb.de/professionell/mabxml/mabxml-1.xsd"><leader>------M2.01200024------u</leader><controlfield tag="LDR">------M2.01200024------u</controlfield><controlfield tag="FMT">MU</controlfield><datafield tag="001" ind1="-" ind2="1"><subfield code="a">HT019317250</subfield></datafield><datafield tag="001" ind1="-" ind2="2"><subfield code="a">HT019316012</subfield></datafield><datafield tag="002" ind1="a" ind2="1"><subfield code="a">20170504</subfield></datafield><datafield tag="002" ind1="b" ind2="2"><subfield code="a">20170503</subfield></datafield><datafield tag="010" ind1="-" ind2="1"><subfield code="a">HT019316012</subfield></datafield><datafield tag="020" ind1="a" ind2="2"><subfield code="a">BA69910731</subfield><subfield code="b">NII</subfield></datafield><datafield tag="026" ind1="-" ind2="1"><subfield code="a">HBZHT019317250</subfield></datafield><datafield tag="026" ind1="-" ind2="2"><subfield code="a">HBZHT019316012</subfield></datafield><controlfield tag="030">a|zur||||||||</controlfield><datafield tag="036" ind1="a" ind2="2"><subfield code="a">JP</subfield></datafield><datafield tag="037" ind1="b" ind2="1"><subfield code="a">jpn</subfield></datafield><datafield tag="037" ind1="b" ind2="2"><subfield code="a">jpn</subfield></datafield><controlfield tag="050">a|a|||||||||||</controlfield><datafield tag="060" ind1="-" ind2="1"><subfield code="b">txt</subfield><subfield code="a">Text</subfield></datafield><datafield tag="060" ind1="-" ind2="2"><subfield code="b">txt</subfield><subfield code="a">Text</subfield></datafield><datafield tag="061" ind1="-" ind2="1"><subfield code="b">n</subfield><subfield code="a">ohne Hilfsmittel zu benutzen</subfield></datafield><datafield tag="061" ind1="-" ind2="2"><subfield code="b">n</subfield><subfield code="a">ohne Hilfsmittel zu benutzen</subfield></datafield><datafield tag="062" ind1="-" ind2="1"><subfield code="b">nc</subfield><subfield code="a">Band</subfield></datafield><datafield tag="062" ind1="-" ind2="2"><subfield code="b">nc</subfield><subfield code="a">Band</subfield></datafield><datafield tag="070" ind1="-" ind2="1"><subfield code="a">294/15</subfield></datafield><datafield tag="070" ind1="-" ind2="2"><subfield code="a">294/15</subfield></datafield><datafield tag="070" ind1="a" ind2="2"><subfield code="a">NII</subfield></datafield><datafield tag="078" ind1="f" ind2="1"><subfield code="a">jap</subfield></datafield><datafield tag="078" ind1="f" ind2="2"><subfield code="a">jap</subfield></datafield><datafield tag="080" ind1="-" ind2="1"><subfield code="a">60</subfield></datafield><datafield tag="080" ind1="-" ind2="2"><subfield code="a">60</subfield></datafield><controlfield tag="089">1</controlfield><controlfield tag="Z89">1</controlfield><datafield tag="090" ind1="-" ind2="1"><subfield code="a">1</subfield></datafield><datafield tag="100" ind1="-" ind2="1"><subfield code="p">Itō, Michiharu</subfield></datafield><datafield tag="100" ind1="b" ind2="2"><subfield code="p">Andō, Hikotarō</subfield><subfield code="d">1917-2009</subfield><subfield code="4">edt</subfield><subfield code="3">Herausgeber</subfield><subfield code="9">(DE-588)1032941693</subfield></datafield><datafield tag="A00" ind1="-" ind2="1"><subfield code="a">伊藤, 道治</subfield><subfield code="6">Jpan</subfield></datafield><datafield tag="A00" ind1="b" ind2="2"><subfield code="a">安藤, 彦太郎</subfield><subfield code="6">Jpan</subfield></datafield><datafield tag="101" ind1="-" ind2="2"><subfield code="p">Andō Hikotarō</subfield><subfield code="d">1917-2009</subfield></datafield><datafield tag="101" ind1="-" ind2="2"><subfield code="U">Jpan</subfield><subfield code="p">安藤彦太郎</subfield><subfield code="d">1917-2009</subfield></datafield><datafield tag="101" ind1="-" ind2="2"><subfield code="U">Hans</subfield><subfield code="p">安藤彦太郎</subfield><subfield code="d">1917-2009</subfield></datafield><datafield tag="104" ind1="b" ind2="2"><subfield code="p">Enoki, Kazuo</subfield><subfield code="d">1913-1989</subfield><subfield code="4">edt</subfield><subfield code="3">Herausgeber</subfield><subfield code="9">(DE-588)172063590</subfield></datafield><datafield tag="A04" ind1="b" ind2="2"><subfield code="a">榎, 一雄</subfield><subfield code="6">Jpan</subfield></datafield><datafield tag="105" ind1="-" ind2="2"><subfield code="p">Enoki Kazuo</subfield><subfield code="d">1913-1989</subfield></datafield><datafield tag="105" ind1="-" ind2="2"><subfield code="U">Jpan</subfield><subfield code="p">榎一雄</subfield><subfield code="d">1913-1989</subfield></datafield><datafield tag="108" ind1="b" ind2="2"><subfield code="p">Hibino, Takeo</subfield><subfield code="d">1914-2007</subfield><subfield code="4">edt</subfield><subfield code="3">Herausgeber</subfield><subfield code="9">(DE-588)172137330</subfield></datafield><datafield tag="A08" ind1="b" ind2="2"><subfield code="a">日比野, 丈夫</subfield><subfield code="6">Jpan</subfield></datafield><datafield tag="109" ind1="-" ind2="2"><subfield code="p">Hibino, Jōbu</subfield><subfield code="d">1914-2007</subfield></datafield><datafield tag="109" ind1="-" ind2="2"><subfield code="U">Jpan</subfield><subfield code="p">日比野丈夫</subfield><subfield code="d">1914-2007</subfield></datafield><datafield tag="112" ind1="b" ind2="2"><subfield code="p">Miyagawa, Torao</subfield><subfield code="d">1908-1984</subfield><subfield code="4">edt</subfield><subfield code="3">Herausgeber</subfield><subfield code="9">(DE-588)172277140</subfield></datafield><datafield tag="A12" ind1="b" ind2="2"><subfield code="a">宮川, 寅雄</subfield><subfield code="6">Jpan</subfield></datafield><datafield tag="113" ind1="-" ind2="2"><subfield code="p">Miyagawa Torao</subfield><subfield code="d">1908-1984</subfield></datafield><datafield tag="113" ind1="-" ind2="2"><subfield code="U">Jpan</subfield><subfield code="p">宮川寅雄</subfield><subfield code="d">1908-1984</subfield></datafield><datafield tag="113" ind1="-" ind2="2"><subfield code="U">Jpan</subfield><subfield code="p">宮川, 寅雄 (*)</subfield><subfield code="d">1908-1984</subfield></datafield><datafield tag="331" ind1="-" ind2="1"><subfield code="a">Yomigaeru kodai</subfield></datafield><datafield tag="331" ind1="-" ind2="2"><subfield code="a">Zusetsu chūgoku no rekishi</subfield></datafield><datafield tag="C31" ind1="-" ind2="1"><subfield code="a">よみがえる古代</subfield><subfield code="6">Jpan</subfield></datafield><datafield tag="C31" ind1="-" ind2="2"><subfield code="a">図説中国の歴史</subfield><subfield code="6">Jpan</subfield></datafield><datafield tag="C31" ind1="-" ind2="2"><subfield code="a">ズセツ チュウゴク ノ レキシ</subfield><subfield code="6">Kana</subfield></datafield><datafield tag="359" ind1="-" ind2="1"><subfield code="a">Itō Michiharu</subfield></datafield><datafield tag="359" ind1="-" ind2="2"><subfield code="a">Kikaku iin Andō Hikotarō, Enoki Kazuo, Hibino Takeo, Miyagawa Torao</subfield></datafield><datafield tag="C59" ind1="-" ind2="1"><subfield code="a">伊藤道治</subfield><subfield code="6">Jpan</subfield></datafield><datafield tag="C59" ind1="-" ind2="2"><subfield code="a">企画委員 安藤彦太郎・榎一雄・日比野丈夫・宮川寅雄</subfield><subfield code="6">Jpan</subfield></datafield><datafield tag="419" ind1="-" ind2="2"><subfield code="a">Tōkyō</subfield><subfield code="b">Kōdansha</subfield><subfield code="c">Shōwa 51nen - [1976-]</subfield></datafield><datafield tag="D19" ind1="-" ind2="2"><subfield code="a">東京</subfield><subfield code="b">講談社</subfield><subfield code="c">昭和五十一年 -</subfield><subfield code="6">Jpan</subfield></datafield><datafield tag="425" ind1="b" ind2="2"><subfield code="a">1976</subfield></datafield><datafield tag="425" ind1="a" ind2="1"><subfield code="a">1976</subfield></datafield><datafield tag="433" ind1="-" ind2="1"><subfield code="a">198 Seiten</subfield></datafield><datafield tag="434" ind1="-" ind2="1"><subfield code="a">Zahlreiche Illustrationen, Karten</subfield></datafield><datafield tag="437" ind1="-" ind2="1"><subfield code="a">Begleitheft &quot;Geppō 1&quot;</subfield></datafield><datafield tag="501" ind1="-" ind2="1"><subfield code="a">Hier auch später erschienene, unveränderte Nachdrucke</subfield></datafield><datafield tag="501" ind1="-" ind2="1"><subfield code="a">Index</subfield></datafield><datafield tag="516" ind1="a" ind2="1"><subfield code="a">Japanischer Text</subfield></datafield><datafield tag="516" ind1="b" ind2="1"><subfield code="a">Japanische Schrift</subfield></datafield><datafield tag="516" ind1="a" ind2="2"><subfield code="a">Japanischer Text</subfield></datafield><datafield tag="516" ind1="b" ind2="2"><subfield code="a">Japanische Schrift</subfield></datafield><controlfield tag="SYS">021818979</controlfield><datafield tag="LOW" ind1="-" ind2="1"><subfield code="a">B4004</subfield></datafield><datafield tag="LOW" ind1="-" ind2="1"><subfield code="a">Q1026</subfield></datafield><datafield tag="088" ind1=" " ind2=" "><subfield code="a">294/15</subfield><subfield code="b">00015000</subfield><subfield code="c">Blb 182-1</subfield><subfield code="e">keine ILL</subfield></datafield><datafield tag="088" ind1=" " ind2=" "><subfield code="a">5/141</subfield><subfield code="b">00091001</subfield><subfield code="c">951 Z96 C559 1976 (1)</subfield><subfield code="e">keine ILL</subfield></datafield></record></metadata></record></ListRecords></OAI-PMH>